@book{monk,
  title={Programming Arduino},
  author={Monk, Simon},
  year={2012},
  publisher={McGraw-Hill Companies, USA}
}

@article{brock,
  title={Using Arduino for introductory programming courses},
  author={Brock, J Dean and Bruce, Rebecca F and Reiser, Susan L},
  journal={Journal of Computing Sciences in Colleges},
  volume={25},
  number={2},
  pages={129--130},
  year={2009},
  publisher={Consortium for Computing Sciences in Colleges}
}

@online{DHT22,
  author = {Electro Schematics},
  title = {AM2302 / DHT22 Datasheet},
  url = {http://www.electroschematics.com/11293/am2302-dht22-datasheet/}
}

@online{Gasleak,
 author = {circuitstoday},
 title = {gas-leakage-detector-using-arduino-with-sms-alert},
 url = {http://www.circuitstoday.com/gas-leakage-detector-using-arduino-with-sms-alert}
}

@online{Gasmon,
 author = {sparkfun},
 title = {hazardous-gas-monitor},
 url = {https://learn.sparkfun.com/tutorials/hazardous-gas-monitor}
}